@online{semver1,
	author = {Preston-Werner, Tom},
	title = {Semantic Versioning 2.0.0: Semantic Versioning},
	year = {2017},
	month = feb,
	day = 19,
	url = {http://semver.org/\textsl{\textsl{}}},
}

@online{branch1,
	author = {Jussi Judin},
	title = {A succesful git branching model considered harmful},
	year = {2017},
	month = feb,
	day = 19,
	url = {https://barro.github.io/2016/02/a-succesful-git-branching-model-considered-harmful/},
}

@onlibe{branch2,
	author = {Vincent Driessen},
	title = {A successful git branching model},
	year = {2017},
	day = 19,
	month = feb,
	url = {http://nvie.com/posts/a-successful-git-branching-model/}	
}
